@online{kaggle,
    author = "Kaggle",
    title = "Titanic: Machine Learning from Disaster",
    url  = "https://www.kaggle.com/c/titanic/overview",
    keywords = "titanic, kaggle"
}